@online{json,
    title = {Knihovna pro práci s JSON},
    url = {https://github.com/nlohmann/json},
}

@online{umely_neuron,
    title = {Umelý neuron, obrázek},
    url = {https://miro.medium.com/v2/resize:fit:640/1*sPg-0hha7o3iNPjY4n-vow.jpeg},
}

